<record><leader>00000cas a22000007a 4500</leader><controlfield tag="001">13459959</controlfield><controlfield tag="008">860421d193519uumtuwr ne      0    0eng d</controlfield><datafield ind1=" " ind2=" " tag="010"><subfield code="a">sn 86075137 </subfield></datafield><datafield ind1=" " ind2=" " tag="040"><subfield code="a">MTL</subfield><subfield code="b">eng</subfield><subfield code="c">MTL</subfield><subfield code="d">OCLCQ</subfield><subfield code="d">COD</subfield></datafield><datafield ind1=" " ind2=" " tag="042"><subfield code="a">msc</subfield></datafield><datafield ind1="0" ind2=" " tag="130"><subfield code="a">Miner's voice (Butte, Mont.)</subfield></datafield><datafield ind1="1" ind2="0" tag="245"><subfield code="a">Miner's voice.</subfield></datafield><datafield ind1=" " ind2=" " tag="260"><subfield code="a">Butte, Mont. :</subfield><subfield code="b">Butte Miners' Union No. 1,</subfield><subfield code="c">1935-</subfield></datafield><datafield ind1=" " ind2=" " tag="300"><subfield code="a">v. :</subfield><subfield code="b">ill. ;</subfield><subfield code="c">31-46 cm.</subfield></datafield><datafield ind1=" " ind2=" " tag="310"><subfield code="a">Weekly,</subfield><subfield code="b">&lt;June 12, 1948-&gt;</subfield></datafield><datafield ind1=" " ind2=" " tag="321"><subfield code="a">Monthly,</subfield><subfield code="b">Jan. 1935-&lt;Sept. 11, 1942&gt;</subfield></datafield><datafield ind1="0" ind2=" " tag="362"><subfield code="a">Vol. 1, no. 1 (Jan. 1935)-</subfield></datafield><datafield ind1="2" ind2=" " tag="710"><subfield code="a">Butte Miners' Union No. 1 (Butte, Mont.)</subfield></datafield><datafield ind1=" " ind2=" " tag="752"><subfield code="a">United States</subfield><subfield code="b">Montana</subfield><subfield code="c">Silver Bow</subfield><subfield code="d">Butte.</subfield></datafield><datafield ind1="1" ind2=" " tag="029"><subfield code="a">AU@</subfield><subfield code="b">000025802317</subfield></datafield></record>